@inproceedings{KarrasAAL22,
  title     = {Elucidating the Design Space of Diffusion-Based Generative Models},
  author    = {Tero Karras and Miika Aittala and Timo Aila and Samuli Laine},
  booktitle = {Advances in Neural Information Processing Systems 35 ({NeurIPS})},
  year      = {2022},
  url       = {https://openreview.net/forum?id=k7FuTOWMOc7},
}
@unpublished{LuSY24,
  title     = {Structure Preserving Diffusion Models},
  author    = {Haoye Lu and Spencer Szabados and Yaoliang Yu},
  year      = {2024},
  url       = {https://arxiv.org/abs/2402.19369},
}
@book{Villani03,
  title     = {Topics in Optimal Transportation},
  author    = {Villani, C{\'e}dric},
  publisher = {American Mathematical Society},
  year      = {2003},
  url       = {https://bookstore.ams.org/gsm-58},
}
@article{Vincent11,
  title     = {A Connection Between Score Matching and Denoising Autoencoders},
  author    = {Pascal Vincent},
  journal   = {Neural Computation},
  volume    = {23},
  number    = {7},
  pages     = {1661--1674},
  year      = {2011},
  url       = {https://doi.org/10.1162/NECO_a_00142},
}